<?xml version="1.0" encoding="UTF-8"?>
<collection xmlns="http://www.loc.gov/MARC21/slim">
   <record>
      <leader>01241cam a2200373 a 4500</leader>
      <controlfield tag="001">7065103</controlfield>
      <controlfield tag="003">OCoLC</controlfield>
      <controlfield tag="005">20150708013134.0</controlfield>
      <controlfield tag="008">911029s1991    abca         s000 0 eng  </controlfield>
      <datafield tag="016" ind1=" " ind2=" ">
         <subfield code="a">930810244</subfield>
      </datafield>
      <datafield tag="020" ind1=" " ind2=" ">
         <subfield code="a">077410953X</subfield>
      </datafield>
      <datafield tag="020" ind1=" " ind2=" ">
         <subfield code="a">9780774109536</subfield>
      </datafield>
      <datafield tag="035" ind1=" " ind2=" ">
         <subfield code="a">ocm27682407</subfield>
      </datafield>
      <datafield tag="039" ind1=" " ind2=" ">
         <subfield code="a">(OCoLC)27682407</subfield>
         <subfield code="f">OCLC</subfield>
      </datafield>
      <datafield tag="040" ind1=" " ind2=" ">
         <subfield code="a">NLC</subfield>
         <subfield code="b">eng</subfield>
         <subfield code="c">NLC</subfield>
         <subfield code="d">OCLCQ</subfield>
         <subfield code="d">OCLCO</subfield>
         <subfield code="d">LTSCA</subfield>
         <subfield code="d">AEU</subfield>
      </datafield>
      <datafield tag="050" ind1=" " ind2="4">
         <subfield code="a">PC4112.5</subfield>
         <subfield code="b">.S634 1991</subfield>
      </datafield>
      <datafield tag="055" ind1="0" ind2="1">
         <subfield code="a">COP.AL.2.1991-512</subfield>
      </datafield>
      <datafield tag="082" ind1="1" ind2="4">
         <subfield code="a">468</subfield>
         <subfield code="2">12</subfield>
      </datafield>
      <datafield tag="090" ind1=" " ind2=" ">
         <subfield code="a">PC 4112.5 S634 1991</subfield>
         <subfield code="b">AEU</subfield>
      </datafield>
      <datafield tag="240" ind1="0" ind2="0">
         <subfield code="a">Spanish 14 :/ textbook.</subfield>
      </datafield>
      <datafield tag="245" ind1="0" ind2="0">
         <subfield code="a">Spanish 14 : textbook 1991</subfield>
         <subfield code="b">textbook.</subfield>
      </datafield>
      <datafield tag="246" ind1="3" ind2=" ">
         <subfield code="a">Spanish fourteen</subfield>
      </datafield>
      <datafield tag="260" ind1=" " ind2=" ">
         <subfield code="a">[Edmonton] :</subfield>
         <subfield code="b">Distance Learning, Alberta Education,</subfield>
         <subfield code="c">©1991.</subfield>
      </datafield>
      <datafield tag="300" ind1=" " ind2=" ">
         <subfield code="a">1 volume (various pagings) ;</subfield>
         <subfield code="c">28 cm</subfield>
      </datafield>
      <datafield tag="336" ind1=" " ind2=" ">
         <subfield code="a">text</subfield>
         <subfield code="b">txt</subfield>
         <subfield code="2">rdacontent</subfield>
      </datafield>
      <datafield tag="337" ind1=" " ind2=" ">
         <subfield code="a">unmediated</subfield>
         <subfield code="b">n</subfield>
         <subfield code="2">rdamedia</subfield>
      </datafield>
      <datafield tag="338" ind1=" " ind2=" ">
         <subfield code="a">volume</subfield>
         <subfield code="b">nc</subfield>
         <subfield code="2">rdacarrier</subfield>
      </datafield>
      <datafield tag="590" ind1=" " ind2=" ">
         <subfield code="a">Approved for use in Alberta schools.</subfield>
         <subfield code="5">CaAEU</subfield>
      </datafield>
      <datafield tag="596" ind1=" " ind2=" ">
         <subfield code="a">38</subfield>
      </datafield>
      <datafield tag="650" ind1=" " ind2="0">
         <subfield code="a">Spanish language</subfield>
         <subfield code="v">Programmed instruction.</subfield>
      </datafield>
      <datafield tag="650" ind1=" " ind2="0">
         <subfield code="a">Spanish language</subfield>
         <subfield code="v">Textbooks for foreign speakers</subfield>
         <subfield code="x">English.</subfield>
      </datafield>
      <datafield tag="710" ind1="1" ind2=" ">
         <subfield code="a">Alberta.</subfield>
         <subfield code="b">Alberta Education.</subfield>
      </datafield>
      <datafield tag="710" ind1="1" ind2=" ">
         <subfield code="a">Alberta.</subfield>
         <subfield code="b">Distance Learning.</subfield>
      </datafield>
      <datafield tag="949" ind1=" " ind2=" ">
         <subfield code="a">PC 4112.5 S634 1991</subfield>
         <subfield code="h">UABA-B</subfield>
         <subfield code="i">0162034153328</subfield>
         <subfield code="z">OCLC_COPY</subfield>
      </datafield>
      <datafield tag="926" ind1=" " ind2=" ">
         <subfield code="a">UABARD</subfield>
         <subfield code="b">ON_SHELF</subfield>
         <subfield code="c">PC 4112.5 S634 1991</subfield>
         <subfield code="d">BOOK</subfield>
         <subfield code="f">1</subfield>
      </datafield>
   </record>
</collection>
